@article{mattiussi2011beyond,
	title={Beyond graphs: a new synthesis},
	author={Mattiussi, Claudio and D{\"u}rr, Peter and Marbach, Daniel and Floreano, Dario},
	journal={Journal of Computational Science},
	volume={2},
	number={2},
	pages={165--177},
	year={2011},
	publisher={Elsevier}
}
@misc{slowtanh,
	title={Java Math.tanh() Performance},
	author={Peter},
	month={mar},
	year={2011},
	url={http://stackoverflow.com/questions/5160619/java-math-tanh-performance}
}
@article{henn2010metaheuristics,
	title={Metaheuristics for the order batching problem in manual order picking systems},
	author={Henn, Sebastian and Koch, S{\"o}ren and Doerner, Karl and Strauss, Christine and W{\"a}scher, Gerhard},
	journal={BuR Business Research Journal},
	volume={3},
	number={1},
	year={2010}
}
@INPROCEEDINGS{emergentbehaviours, 
	author={Jin-Hyuk Hong and Sung-Bae Cho}, 
	booktitle={Evolutionary Computation, 2004. CEC2004. Congress on}, 
	title={Evolution of emergent behaviors for shooting game characters in Robocode}, 
	year={2004}, 
	volume={1}, 
	pages={634-638 Vol.1}, 
	keywords={artificial life;computer games;digital simulation;evolutionary computation;knowledge based systems;robots;virtual reality;Robocode;artificial intelligence;artificial life;digital characters;game intelligence;shooting game characters;video games;Animation;Artificial intelligence;Automatic control;Character generation;Computer science;Games;Genetic algorithms;Intelligent robots;Robotics and automation;Service robots}, 
	doi={10.1109/CEC.2004.1330917},
}
@book{ga,
	title={An Introduction to Genetic Algorithms},
	author={Mitchell, M.},
	isbn={9780262631853},
	lccn={95024489},
	series={A Bradford book},
	url={http://books.google.com.au/books?id=0eznlz0TF-IC},
	year={1998},
	publisher={MIT Press}
}
@article{stutzle2000max,
	title={MAX--MIN ant system},
	author={St{\"u}tzle, Thomas and Hoos, Holger H},
	journal={Future generation computer systems},
	volume={16},
	number={8},
	pages={889--914},
	year={2000},
	publisher={North-Holland}
}
